@inproceedings{Adams2017,
title = {Phonemic transcription of low-resource tonal languages},
author = {Oliver Adams and Trevor Cohn and Graham Neubig and Alexis Michaud},
booktitle = {Australasian Language Technology Association Workshop 2017},
month = {December},
year = {2017}
}

@inproceedings{Samardzic2015,
	title={Automatic interlinear glossing as two-level sequence classification},
	author={Tanja Samardzic and Robert Schikowski and Sabine Stoll},
	booktitle={LaTeCH@ACL},
	year={2015}
}

@inproceedings{Graves2006,
 author = {Graves, Alex and Fern\'{a}ndez, Santiago and Gomez, Faustino and Schmidhuber, J\"{u}rgen},
 title = {Connectionist Temporal Classification: Labelling Unsegmented Sequence Data with Recurrent Neural Networks},
 booktitle = {Proceedings of the 23rd International Conference on Machine Learning},
 series = {ICML '06},
 year = {2006},
 isbn = {1-59593-383-2},
 location = {Pittsburgh, Pennsylvania, USA},
 pages = {369--376},
 numpages = {8},
 url = {http://doi.acm.org/10.1145/1143844.1143891},
 doi = {10.1145/1143844.1143891},
 acmid = {1143891},
 publisher = {ACM},
 address = {New York, NY, USA},
} 

@inproceedings{Neubig2018,
    title = {Rapid Adaptation of Neural Machine Translation to New Languages},
    author = {Graham Neubig and Junjie Hu},
    booktitle = {Conference on Empirical Methods in Natural Language Processing (EMNLP)},
    address = {Brussels, Belgium},
    month = {November},
    url = {http://www.phontron.com/paper/neubig18emnlp.pdf},
    year = {2018}
}

@inproceedings{Gu2018,
    title = {Meta-Learning for Low-Resource Neural Machine Translation},
    author = {Jiatao Gu and Yong Wang and Yun Chen and Kyunghyun Cho and Victor O.K.~Li},
    booktitle = {EMNLP},
    year = {2018}
}



